@Article{landc,
	title = 	{Logic and Cognition: the Faces of Psychologism},
	author = 	{Mariusz Urba\'{n}ski},
	journal = 	{Logic and Logical Philosophy},
	year = 		{2011},
	volume = 	{20},
	pages = 	{175-185},
}
@book{franchi,
  title={Acionamentos el{\'e}tricos},
  author={FRANCHI, CLAITON MORO},
  year={2008},
  publisher={Saraiva Educa{\c{c}}{\~a}o SA}
}

FRANCHI, Claiton Moro. Acionamentos elétricos. Editora Saraiva, 2018.

UMANS, Stephen D. Máquinas Elétricas de Fitzgerald e Kingsley-7. AMGH Editora, 2014.

HART, Daniel W. Power electronics. Tata McGraw-Hill Education, 2011

WEG, W. M. Inversor de Frequência. manual do usuário CFW-08, 2012. 2016.

FRANCHI, Claiton Moro. Inversores de frequência: teoria e aplicações. Saraiva Educação SA, 2009.

@book{umans2014maquinas,
  title={M{\'a}quinas El{\'e}tricas de Fitzgerald e Kingsley-7},
  author={Umans, Stephen D},
  year={2014},
  publisher={AMGH Editora}
}



@book{hart2011power,
  title={Power electronics},
  author={Hart, Daniel W},
  year={2011},
  publisher={Tata McGraw-Hill Education}
}


@article{de2016disponivel,
  title={Dispon{\'\i}vel em: http://www. weg. net/br/Produtos-e-Servicos/Drives/Inversores-de-Frequencia/CFW08},
  author={de Frequ{\^e}ncia, Inversor},
  journal={Acesso em},
  volume={2},
  year={2016}
}

